@inproceedings{Toutanova,
 author = {Toutanova, Kristina and Manning, Christopher D.},
 title = {Enriching the Knowledge Sources Used in a Maximum Entropy Part-of-speech Tagger},
 booktitle = {Proceedings of the 2000 Joint SIGDAT Conference on Empirical Methods in Natural Language Processing and Very Large Corpora: Held in Conjunction with the 38th Annual Meeting of the Association for Computational Linguistics - Volume 13},
 series = {EMNLP '00},
 year = {2000},
 location = {Hong Kong},
 pages = {63--70},
 numpages = {8},
 url = {http://dx.doi.org/10.3115/1117794.1117802},
 doi = {10.3115/1117794.1117802},
 acmid = {1117802},
 publisher = {Association for Computational Linguistics},
 address = {Stroudsburg, PA, USA},
}

@MISC{BitPar,
    author = {Helmut Schmid},
    title = {Trace Prediction and Recovery With Unlexicalized PCFGs and Slash Features},
    year = {}
}
@inproceedings{SEAutomotiv,
 author = {Pretschner, Alexander and Broy, Manfred and Kruger, Ingolf H. and Stauner, Thomas},
 title = {Software Engineering for Automotive Systems: A Roadmap},
 booktitle = {2007 Future of Software Engineering},
 series = {FOSE '07},
 year = {2007},
 isbn = {0-7695-2829-5},
 pages = {55--71},
 numpages = {17},
 url = {http://dx.doi.org/10.1109/FOSE.2007.22},
 doi = {10.1109/FOSE.2007.22},
 acmid = {1254710},
 publisher = {IEEE Computer Society},
 address = {Washington, DC, USA},
}

@INPROCEEDINGS{Vogelsang, 
 author={A. Vogelsang and H. Femmer and C. Winkler}, 
 booktitle={2015 IEEE 23rd International Requirements Engineering Conference (RE)}, 
 title={Systematic elicitation of mode models for multifunctional systems}, 
 year={2015}, 
 pages={305-314}, 
 keywords={software engineering;systems analysis;elicitation approaches;feature analysis process;feature specification;manageable mode models;multifunctional systems;productive context;productive system;requirements engineering approaches;systematic mode models elicitation;Analytical models;Context;Engines;Feature extraction;Interviews;Unified modeling language;Vehicles;Requirements modeling;automotive software;feature specifications;industry;statecharts}, 
 doi={10.1109/RE.2015.7320447}, 
 ISSN={1090-705X}, 
 month={Aug},}